@article{DBLP:journals/jfp/JungKJBBD18,
  author    = {Ralf Jung and
               Robbert Krebbers and
               Jacques{-}Henri Jourdan and
               Ales Bizjak and
               Lars Birkedal and
               Derek Dreyer},
  title     = {Iris from the ground up: {A} modular foundation for higher-order concurrent
               separation logic},
  journal   = {J. Funct. Program.},
  volume    = {28},
  pages     = {e20},
  year      = {2018},
  url       = {https://doi.org/10.1017/S0956796818000151},
  doi       = {10.1017/S0956796818000151},
  timestamp = {Sat, 30 Sep 2023 10:19:01 +0200},
  biburl    = {https://dblp.org/rec/journals/jfp/JungKJBBD18.bib},
  bibsource = {dblp computer science bibliography, https://dblp.org}
}

@article{DBLP:journals/pacmpl/MevelJP20,
  author    = {Glen M{\'{e}}vel and
               Jacques{-}Henri Jourdan and
               Fran{\c{c}}ois Pottier},
  title     = {Cosmo: a concurrent separation logic for multicore OCaml},
  journal   = {Proc. {ACM} Program. Lang.},
  volume    = {4},
  number    = {{ICFP}},
  pages     = {96:1--96:29},
  year      = {2020},
  url       = {https://doi.org/10.1145/3408978},
  doi       = {10.1145/3408978},
  timestamp = {Sun, 02 Oct 2022 15:26:02 +0200},
  biburl    = {https://dblp.org/rec/journals/pacmpl/MevelJP20.bib},
  bibsource = {dblp computer science bibliography, https://dblp.org}
}

@article{michael1996simple,
  title     = {Simple, fast, and practical non-blocking and blocking concurrent queue algorithms},
  author    = {Michael, Maged M. and Scott, Michael L.},
  journal   = {Proceedings of the fifteenth annual ACM symposium on Principles of distributed computing},
  year      = {1996},
  pages     = {267--275},
  publisher = {ACM},
  doi       = {10.1145/248052.248106},
  url       = {https://www.cs.rochester.edu/u/scott/papers/1996_PODC_queues.pdf}
}

@techreport{treiber1986systems,
  title       = {Systems programming: Coping with parallelism},
  author      = {Treiber, Robert K.},
  year        = {1986},
  institution = {IBM Almaden Research Center},
  number      = {RJ 5118}
}

@article{10.1145/1047659.1040315,
  author     = {Flanagan, Cormac and Godefroid, Patrice},
  title      = {Dynamic partial-order reduction for model checking software},
  year       = {2005},
  issue_date = {January 2005},
  publisher  = {Association for Computing Machinery},
  address    = {New York, NY, USA},
  volume     = {40},
  number     = {1},
  issn       = {0362-1340},
  url        = {https://doi.org/10.1145/1047659.1040315},
  doi        = {10.1145/1047659.1040315},
  abstract   = {We present a new approach to partial-order reduction for model checking software. This approach is based on initially exploring an arbitrary interleaving of the various concurrent processes/threads, and dynamically tracking interactions between these to identify backtracking points where alternative paths in the state space need to be explored. We present examples of multi-threaded programs where our new dynamic partial-order reduction technique significantly reduces the search space, even though traditional partial-order algorithms are helpless.},
  journal    = {SIGPLAN Not.},
  month      = {jan},
  pages      = {110–121},
  numpages   = {12},
  keywords   = {software model checking, partial-order reduction}
}



@inproceedings{dpor05,
  author    = {Flanagan, Cormac and Godefroid, Patrice},
  title     = {Dynamic partial-order reduction for model checking software},
  year      = {2005},
  isbn      = {158113830X},
  publisher = {Association for Computing Machinery},
  address   = {New York, NY, USA},
  url       = {https://doi.org/10.1145/1040305.1040315},
  doi       = {10.1145/1040305.1040315},
  abstract  = {We present a new approach to partial-order reduction for model checking software. This approach is based on initially exploring an arbitrary interleaving of the various concurrent processes/threads, and dynamically tracking interactions between these to identify backtracking points where alternative paths in the state space need to be explored. We present examples of multi-threaded programs where our new dynamic partial-order reduction technique significantly reduces the search space, even though traditional partial-order algorithms are helpless.},
  booktitle = {Proceedings of the 32nd ACM SIGPLAN-SIGACT Symposium on Principles of Programming Languages},
  pages     = {110–121},
  numpages  = {12},
  keywords  = {software model checking, partial-order reduction},
  location  = {Long Beach, California, USA},
  series    = {POPL '05}
}

@article{DBLP:journals/toplas/HerlihyW90,
  author       = {Maurice Herlihy and
                  Jeannette M. Wing},
  title        = {Linearizability: {A} Correctness Condition for Concurrent Objects},
  journal      = {{ACM} Trans. Program. Lang. Syst.},
  volume       = {12},
  number       = {3},
  pages        = {463--492},
  year         = {1990},
  url          = {https://doi.org/10.1145/78969.78972},
  doi          = {10.1145/78969.78972},
  timestamp    = {Wed, 14 Nov 2018 10:30:40 +0100},
  biburl       = {https://dblp.org/rec/journals/toplas/HerlihyW90.bib},
  bibsource    = {dblp computer science bibliography, https://dblp.org}
}

@article{DBLP:journals/pacmpl/BirkedalDGJST21,
  author       = {Lars Birkedal and
                  Thomas Dinsdale{-}Young and
                  Arma{\"{e}}l Gu{\'{e}}neau and
                  Guilhem Jaber and
                  Kasper Svendsen and
                  Nikos Tzevelekos},
  title        = {Theorems for free from separation logic specifications},
  journal      = {Proc. {ACM} Program. Lang.},
  volume       = {5},
  number       = {{ICFP}},
  pages        = {1--29},
  year         = {2021},
  url          = {https://doi.org/10.1145/3473586},
  doi          = {10.1145/3473586},
  timestamp    = {Mon, 28 Aug 2023 21:30:21 +0200},
  biburl       = {https://dblp.org/rec/journals/pacmpl/BirkedalDGJST21.bib},
  bibsource    = {dblp computer science bibliography, https://dblp.org}
}

@inproceedings{DBLP:conf/ecoop/PintoDG14,
  author       = {Pedro da Rocha Pinto and
                  Thomas Dinsdale{-}Young and
                  Philippa Gardner},
  editor       = {Richard E. Jones},
  title        = {TaDA: {A} Logic for Time and Data Abstraction},
  booktitle    = {{ECOOP} 2014 - Object-Oriented Programming - 28th European Conference,
                  Uppsala, Sweden, July 28 - August 1, 2014. Proceedings},
  series       = {Lecture Notes in Computer Science},
  volume       = {8586},
  pages        = {207--231},
  publisher    = {Springer},
  year         = {2014},
  url          = {https://doi.org/10.1007/978-3-662-44202-9\_9},
  doi          = {10.1007/978-3-662-44202-9\_9},
  timestamp    = {Tue, 14 May 2019 10:00:54 +0200},
  biburl       = {https://dblp.org/rec/conf/ecoop/PintoDG14.bib},
  bibsource    = {dblp computer science bibliography, https://dblp.org}
}

@article{DBLP:journals/fac/SmithWC20,
  author       = {Graeme Smith and
                  Kirsten Winter and
                  Robert J. Colvin},
  title        = {Linearizability on hardware weak memory models},
  journal      = {Formal Aspects Comput.},
  volume       = {32},
  number       = {1},
  pages        = {1--32},
  year         = {2020},
  url          = {https://doi.org/10.1007/s00165-019-00499-8},
  doi          = {10.1007/S00165-019-00499-8},
  timestamp    = {Mon, 09 May 2022 16:20:12 +0200},
  biburl       = {https://dblp.org/rec/journals/fac/SmithWC20.bib},
  bibsource    = {dblp computer science bibliography, https://dblp.org}
}

@inproceedings{DBLP:conf/cpp/VindumB21,
  author       = {Simon Friis Vindum and
                  Lars Birkedal},
  editor       = {Catalin Hritcu and
                  Andrei Popescu},
  title        = {Contextual refinement of the Michael-Scott queue (proof pearl)},
  booktitle    = {{CPP} '21: 10th {ACM} {SIGPLAN} International Conference on Certified
                  Programs and Proofs, Virtual Event, Denmark, January 17-19, 2021},
  pages        = {76--90},
  publisher    = {{ACM}},
  year         = {2021},
  url          = {https://doi.org/10.1145/3437992.3439930},
  doi          = {10.1145/3437992.3439930},
  timestamp    = {Sat, 08 Jan 2022 02:24:36 +0100},
  biburl       = {https://dblp.org/rec/conf/cpp/VindumB21.bib},
  bibsource    = {dblp computer science bibliography, https://dblp.org}
}

@inproceedings{DBLP:conf/cpp/VindumFB22,
  author       = {Simon Friis Vindum and
                  Dan Frumin and
                  Lars Birkedal},
  editor       = {Andrei Popescu and
                  Steve Zdancewic},
  title        = {Mechanized verification of a fine-grained concurrent queue from meta's
                  folly library},
  booktitle    = {{CPP} '22: 11th {ACM} {SIGPLAN} International Conference on Certified
                  Programs and Proofs, Philadelphia, PA, USA, January 17 - 18, 2022},
  pages        = {100--115},
  publisher    = {{ACM}},
  year         = {2022},
  url          = {https://doi.org/10.1145/3497775.3503689},
  doi          = {10.1145/3497775.3503689},
  timestamp    = {Mon, 05 Dec 2022 13:35:47 +0100},
  biburl       = {https://dblp.org/rec/conf/cpp/VindumFB22.bib},
  bibsource    = {dblp computer science bibliography, https://dblp.org}
}

@article{DBLP:journals/pacmpl/MevelJ21,
  author       = {Glen M{\'{e}}vel and
                  Jacques{-}Henri Jourdan},
  title        = {Formal verification of a concurrent bounded queue in a weak memory
                  model},
  journal      = {Proc. {ACM} Program. Lang.},
  volume       = {5},
  number       = {{ICFP}},
  pages        = {1--29},
  year         = {2021},
  url          = {https://doi.org/10.1145/3473571},
  doi          = {10.1145/3473571},
  timestamp    = {Sun, 02 Oct 2022 15:26:02 +0200},
  biburl       = {https://dblp.org/rec/journals/pacmpl/MevelJ21.bib},
  bibsource    = {dblp computer science bibliography, https://dblp.org}
}
